%
%  An example of a bibliographical database for bibTeX
%
%  Recommended software for maintenance of *.bib files:
%    JabRef, http://jabref.sourceforge.net/
%
%  BEWARE:
%
%    *  If a name contains a capital letter, which must be kept such,
%       use curly brackets ({T}hailand, {HIV}).
%
%  ===========================================================================

@misc{website:COMMUNITY_NOTATION, 
	url={https://quoridorstrats.wordpress.com/notation/}, 
	title={{T}he {O}fficial {Q}uoridor {N}otation},
	author={{Q}uoridor {S}trats}, 
	year={2014}, 
	month={Sep}
}

@inproceedings{Glendenning2002MasteringQ,
  title={{M}astering {Q}uoridor},
  author={{L}isa {G}lendenning},
  year={2002},
  url={https://api.semanticscholar.org/CorpusID:18564930}
}